<?xml version='1.0' encoding='UTF-8'?>
<record xmlns="http://www.loc.gov/MARC21/slim">
  <leader>02943cam a2200481 a 4500</leader>
  <controlfield tag="001">2794664</controlfield>
  <controlfield tag="003">NjP</controlfield>
  <controlfield tag="005">20171013182929.0</controlfield>
  <controlfield tag="008">000215m18819999mr            000 0 ara d</controlfield>
  <datafield tag="024" ind1="7" ind2=" ">
    <subfield code="a">princeton_aco001709</subfield>
    <subfield code="2">local</subfield>
  </datafield>
  <datafield ind1=" " ind2=" " tag="035">
    <subfield code="a">(OCoLC)ocn178733711</subfield>
  </datafield>
  <datafield ind1=" " ind2=" " tag="035">
    <subfield code="a">(OCoLC)178733711</subfield>
  </datafield>
  <datafield ind1=" " ind2=" " tag="035">
    <subfield code="9">CNK4605TS</subfield>
  </datafield>
  <datafield ind1=" " ind2=" " tag="035">
    <subfield code="a">(NjP)2794664</subfield>
  </datafield>
  <datafield ind1=" " ind2=" " tag="040">
    <subfield code="a">NjP</subfield>
    <subfield code="c">PUL</subfield>
    <subfield code="d">PUL</subfield>
  </datafield>
  <datafield ind1=" " ind2=" " tag="049">
    <subfield code="a">PULL</subfield>
  </datafield>
  <datafield ind1=" " ind2=" " tag="079">
    <subfield code="a">ocm81410905</subfield>
  </datafield>
  <datafield ind1="1" ind2=" " tag="100">
    <subfield code="6">880-01</subfield>
    <subfield code="a">Mayyārah, Muḥammad ibn Aḥmad,</subfield>
    <subfield code="d">1590 or 1591-1661 or 1662.</subfield>
    <subfield code="0">http://id.loc.gov/authorities/names/nr90012800</subfield>
  </datafield>
  <datafield ind1="1" ind2="0" tag="240">
    <subfield code="6">880-02</subfield>
    <subfield code="a">Itqān wa-al-iḥkām fī sharḥ Tuḥfat al-aḥkām li-Ibn ʻĀṣim</subfield>
  </datafield>
  <datafield ind1="1" ind2="3" tag="245">
    <subfield code="6">880-03</subfield>
    <subfield code="a">al-Juzʼ al-awwal min Sharḥ al-ʻallāmah Sayyid Mayyārah ʻalá Tuḥfat Ibn ʻĀṣim. Wa-bi-hāmishihi Ḥāshiyat al-Imām Sayyidī al-Ḥasan ibn Raḥḥāl.</subfield>
  </datafield>
  <datafield ind1="3" ind2="0" tag="246">
    <subfield code="6">880-04</subfield>
    <subfield code="a">Sharḥ al-ʻallāmah Sayyid Mayyārah ʻalá Tuḥfat Ibn ʻĀṣim</subfield>
  </datafield>
  <datafield ind1="1" ind2=" " tag="246">
    <subfield code="i">Title embedded in text on t.p.:</subfield>
    <subfield code="a">Sharḥ ... ʻalá Tuḥfat al-ḥukkām</subfield>
  </datafield>
  <datafield ind1=" " ind2=" " tag="260">
    <subfield code="6">880-05</subfield>
    <subfield code="a">[Morocco] :</subfield>
    <subfield code="b">Maṭbaʻat al-ʻArabī al-Azraq,</subfield>
    <subfield code="d">1298- [1881- ]</subfield>
  </datafield>
  <datafield ind1=" " ind2=" " tag="300">
    <subfield code="a">v. ;</subfield>
    <subfield code="c">22 cm.</subfield>
  </datafield>
  <datafield ind1=" " ind2=" " tag="500">
    <subfield code="a">Title from caption on table of contents.</subfield>
  </datafield>
  <datafield ind1="1" ind2="0" tag="600">
    <subfield code="6">880-06</subfield>
    <subfield code="a">Ibn ʻĀṣim, Muḥammad ibn Muḥammad,</subfield>
    <subfield code="d">1359-1426.</subfield>
    <subfield code="t">Tuḥfat al-ḥukkām fī nukat al-ʻuqūd wa-al-aḥkām.</subfield>
    <subfield code="0">http://id.loc.gov/authorities/names/nr99020835</subfield>
  </datafield>
  <datafield ind1=" " ind2="0" tag="650">
    <subfield code="a">Islamic law</subfield>
    <subfield code="v">Early works to 1800.</subfield>
    <subfield code="0">http://id.loc.gov/authorities/subjects/sh2008104963</subfield>
  </datafield>
  <datafield ind1=" " ind2="7" tag="655">
    <subfield code="a">Lithographs</subfield>
    <subfield code="z">Morocco</subfield>
    <subfield code="y">1881</subfield>
    <subfield code="2">gmgpc</subfield>
  </datafield>
  <datafield ind1="1" ind2="2" tag="700">
    <subfield code="6">880-07</subfield>
    <subfield code="a">Tadlāwī, al-Ḥasan ibn Raḥḥāl,</subfield>
    <subfield code="d">d. 1727 or 8.</subfield>
    <subfield code="t">Ḥāshiyah ʻalá al-Itqān wa-al-iḥkām.</subfield>
    <subfield code="0">http://id.loc.gov/authorities/names/nr90008296</subfield>
  </datafield>
  <datafield ind1="0" ind2=" " tag="740">
    <subfield code="6">880-08</subfield>
    <subfield code="a">Ḥāshiyah ʻalá al-Itqān wa-al-iḥkām.</subfield>
  </datafield>
  <datafield ind1="4" ind2=" " tag="856">
    <subfield code="u">http://catalog.hathitrust.org/Record/008888948</subfield>
  </datafield>
  <datafield ind1="1" ind2=" " tag="880">
    <subfield code="6">100-01/r</subfield>
    <subfield code="a">ميارة، محمد بن احمد،</subfield>
    <subfield code="d">1590 or 1591-1661 or 1662.</subfield>
  </datafield>
  <datafield ind1="1" ind2="0" tag="880">
    <subfield code="6">240-02/r</subfield>
    <subfield code="a">اتقان والاحكام في شرح تحفة الاحكام لابن عاصم</subfield>
  </datafield>
  <datafield ind1="1" ind2="2" tag="880">
    <subfield code="6">245-03/r</subfield>
    <subfield code="a">الجزء الاول من شرح العلامة سيد ميارة على تحفة ابن عاصم. وبهامشه حاشية الامام سيدي الحسن بن رحال.</subfield>
  </datafield>
  <datafield ind1="3" ind2="0" tag="880">
    <subfield code="6">246-04/r</subfield>
    <subfield code="a">شرح العلامة سيد ميارة على تحفة ابن عاصم</subfield>
  </datafield>
  <datafield ind1=" " ind2=" " tag="880">
    <subfield code="6">260-05/r</subfield>
    <subfield code="a">[المرغب] :</subfield>
    <subfield code="b">مطبعة العربي الازرق،</subfield>
    <subfield code="d">1298- [1881- ]</subfield>
  </datafield>
  <datafield ind1="1" ind2="0" tag="880">
    <subfield code="6">600-06/r</subfield>
    <subfield code="a">ابن عاصم، محمد بن محمد،</subfield>
    <subfield code="d">1359-1426.</subfield>
    <subfield code="t">تحفة الحكام في نكة العقود والاحكام.</subfield>
  </datafield>
  <datafield ind1="1" ind2="2" tag="880">
    <subfield code="6">700-07/r</subfield>
    <subfield code="a">تدلاوي، الحسن بن رحال،</subfield>
    <subfield code="d">d. 1727 or 8.</subfield>
    <subfield code="t">حاشية على الاتقان والاحكام.</subfield>
  </datafield>
  <datafield ind1="0" ind2=" " tag="880">
    <subfield code="6">740-08/r</subfield>
    <subfield code="a">حاشية على الاتقان والاحكام.</subfield>
  </datafield>
  <datafield ind1="4" ind2=" " tag="856">
    <subfield code="u">http://hdl.handle.net/2027/njp.32101037289491</subfield>
    <subfield code="v">3 juz 1</subfield>
  </datafield>
  <datafield ind1=" " ind2=" " tag="948">
    <subfield code="a">jeb</subfield>
  </datafield>
  <datafield ind1=" " ind2=" " tag="911">
    <subfield code="a">20000215</subfield>
  </datafield>
  <datafield ind1=" " ind2=" " tag="912">
    <subfield code="a">20000215042246.0</subfield>
  </datafield>
  <datafield ind1=" " ind2=" " tag="994">
    <subfield code="a">C0</subfield>
    <subfield code="b">PUL</subfield>
  </datafield>
  <datafield ind1=" " ind2=" " tag="999">
    <subfield code="a">2794664</subfield>
  </datafield>
  <datafield ind1="0" ind2="1" tag="852">
    <subfield code="0">3106162</subfield>
    <subfield code="b">nec</subfield>
    <subfield code="t">1</subfield>
    <subfield code="h">KBP320.I2624</subfield>
    <subfield code="i">M399 1881</subfield>
  </datafield>
  <datafield ind1=" " ind2="0" tag="866">
    <subfield code="0">3106162</subfield>
    <subfield code="a">Juzʾ 1</subfield>
  </datafield>
  <datafield ind1=" " ind2="0" tag="866">
    <subfield code="0">3106162</subfield>
    <subfield code="x">DESIGNATOR: juzʾ</subfield>
  </datafield>
  <datafield ind1="8" ind2=" " tag="852">
    <subfield code="0">8750495</subfield>
    <subfield code="b">elf1</subfield>
    <subfield code="h">Electronic Resource</subfield>
  </datafield>
  <datafield ind1=" " ind2=" " tag="959">
    <subfield code="a">2000-06-08 00:00:00 -0500</subfield>
  </datafield>
</record>
